% This file was created with JabRef 2.3.1.
% Encoding: UTF8

@ONLINE{serialTest,
  url = {http://embarcaderos.net/2011/01/23/parallel-processing-and-multi-core-utilization-with-java/},
  cited = {3.\,22.\,2014},
  author = {Ed Gardoh},
  title = {Parallel Processing and Multi-Core Utilization with Java},
  year={2011}
}

@ONLINE{javaChangelog,
  url = {http://docs.oracle.com/javase/7/docs/api/java/util/concurrent/package-summary.html#package_description},
  cited = {3.\,22.\,2014},
  title = {Package java.util.concurrent Description},
  year={2013}
}

@ONLINE{inMemoryDataGrid,
  url = {http://www.cubrid.org/blog/dev-platform/introduction-to-in-memory-data-grid-main-features/},
  cited = {3.\,22.\,2014},
  title = {Introduction to In-Memory Data Grid: Main Features},
  author = {Ki Sun Song},
  year={2013}
}

@ONLINE{vertxArchitectureDiagram,
  url = {http://www.cubrid.org/blog/dev-platform/understanding-vertx-architecture-part-2/},
  cited = {3.\,23.\,2014},
  title = {Understanding Vert.x Architecture - Part II},
  author = {Jaehong Kim},
  year={2013}
}

@ONLINE{javaProgramovani,
  url = {http://www.fi.muni.cz/~tomp/slides/pb162/printable.html},
  cited = {3.\,23.\,2014},
  title = {programování v jazyce java },
  author = {Tom{\'{a}}{\ˇ{s}} Pitner},
  year={2003}
}

@ONLINE{vlaknaCvut,
  url = {http://labe.felk.cvut.cz/vyuka/A4B33OSS/Tema-03-ProcesyVlakna.pdf},
  cited = {3.\,23.\,2014},
  title = {Procesy a vlákna},
  author = {J. La{\ˇ{z}}ansk{\'{y}}},
  year={2008}
}

@ARTICLE{Julakova,
  author = {Eva Jul{\'{a}}kov{\'{a}}},
  title = {Rovnice, jednotky a veličiny - jak s nimi?},
  journal = {Chem. Listy},
  year = {2005},
  volume = {99},
  pages = {250--257},
  url = {homen.vsb.cz/~wih15/Publikace/RovniceSymboly.doc}
}

@article{gardoh2011parallel,
  title={Parallel Processing and Multi-Core Utilization with Java},
  author={Gardoh, Ed},
  year={2011}
}

@BOOK{Lamport,
  title = {Latex: a document preparation system},
  publisher = {Addison-Wesley Longman Publishing Co., Inc.},
  year = {1986},
  author = {Leslie Lamport},
  address = {Boston, MA, USA},
  isbn = {0-201-15790-X}
}

@ONLINE{csplainnat,
  url = {kraken.pedf.cuni.cz/texing/},
  cited = {2.\,6.\,2008},
  author = {David Mudr{\'{a}}k},
  title = {A modification of BibTeX style `plainnat.bst' for Czech references
	style according to ČSN ISO 690 (1996).}
}

@MANUAL{BibTeXing,
  title = {{\BibTeX}ing},
  author = {Oren Patashnik},
  year = {1988},
  note = {\href{run:C:/Program Files/MiKTeX
	
	2.7/doc/bibtex/btxdoc.dvi}{\tt Dostupné~z: C:\textbackslash{}Program~Files\textbackslash{}MiKTeX
	2.7\textbackslash{}doc\textbackslash{}bibtex\textbackslash{}btxdoc.dvi
	
	}}
}

@ONLINE{graficky_manual_CVUT,
  url = {www.cvut.cz/pracoviste/odbor-vnejsich-vztahu/dokumenty/manual_cvut_9_1.pdf},
  author = {{Reklamní~a~umělecká~agentura~Klubko~55}},
  year = {2004},
  title = {Grafický manuál identity Českého vysokého učení technického v Praze}
}

@ONLINE{LyxVisualTour,
  url = {www.lyx.org/VisualTour},
  cited = {2.\,6.\,2008},
  title = {LyX Visual Tour}
}

@ONLINE{BibTeXWiki,
  url = {cs.wikipedia.org/wiki/BibTeX},
  cited = {28.\,9.\,2008},
  publisher = {Wikipedia},
  year = {2008},
  title = {\BibTeX}
}

@ONLINE{Jabref,
  url = {jabref.sourceforge.net},
  cited = {2.\,6.\,2008},
  year = {2007},
  title = {JabRef Reference Manager},
  month = {12}
}

@comment{jabref-meta: selector_publisher:}

@comment{jabref-meta: selector_author:}

@comment{jabref-meta: selector_journal:}

@comment{jabref-meta: selector_keywords:}

@comment{jabref-entrytype: Online: req[url;cited] opt[author;publisher;year;title]}

